<?xml version="1.0" encoding="UTF-8"?><collection xmlns="http://www.loc.gov/MARC21/slim"><record><leader>00448nam--2200145-i-4500</leader><controlfield tag="001">000016814</controlfield><controlfield tag="002">20161230</controlfield><controlfield tag="005">20161230201032</controlfield><controlfield tag="008">060222s1000------------r-----000-0-eng-d</controlfield><datafield ind1=" " ind2=" " tag="080"><subfield code="a">519.876.5</subfield></datafield><datafield ind1=" " ind2=" " tag="100"><subfield code="a">Barsky, Brian A</subfield></datafield><datafield ind1=" " ind2=" " tag="245"><subfield code="a">Computer graphics and geometric modeling using beta-splines. with 85 figures, inclu- ding 31 in colour</subfield></datafield><datafield ind1=" " ind2=" " tag="260"><subfield code="a">Berlin, Springer-verlag, 1988 Ix + 156 P</subfield></datafield><datafield ind1=" " ind2=" " tag="490"><subfield code="a">Computer Science Workbench</subfield></datafield><datafield ind1=" " ind2=" " tag="852"><subfield code="a">78654</subfield></datafield></record></collection>